
@online{tmp,
	title={},
	author={},
	url={},
	urldate={}
}
@online{tmp,
	title={},
	author={},
	url={},
	urldate={}
}
@online{tmp,
	title={},
	author={},
	url={},
	urldate={}
}
@online{tmp,
	title={},
	author={},
	url={},
	urldate={}
}
@online{tmp,
title={},
author={},
url={},
urldate={}
}
@online{tmp,
title={},
author={},
url={},
urldate={}
}
@online{tmp,
title={},
author={},
url={},
urldate={}
}
@online{tmp,
title={},
author={},
url={},
urldate={}
}
@online{tmp,
title={},
author={},
url={},
urldate={}
}
@online{tmp,
title={},
author={},
url={},
urldate={}
}
@online{tmp,
title={},
author={},
url={},
urldate={}
}
@online{tmp,
title={},
author={},
url={},
urldate={}
}
@online{tmp,
title={},
author={},
url={},
urldate={}
}
@online{tmp,
title={},
author={},
url={},
urldate={}
}
@online{tmp,
title={},
author={},
url={},
urldate={}
}
@online{tmp,
title={},
author={},
url={},
urldate={}
}
@online{tmp,
title={},
author={},
url={},
urldate={}
}
@online{tmp,
title={},
author={},
url={},
urldate={}
}
@online{tmp,
title={},
author={},
url={},
urldate={}
}
@online{tmp,
title={},
author={},
url={},
urldate={}
}
@online{tmp,
title={},
author={},
url={},
urldate={}
}
@online{tmp,
title={},
author={},
url={},
urldate={}
}
@online{tmp,
title={},
author={},
url={},
urldate={}
}
@online{tmp,
title={},
author={},
url={},
urldate={}
}
@online{tmp,
title={},
author={},
url={},
urldate={}
}
@online{tmp,
title={},
author={},
url={},
urldate={}
}
@online{tmp,
title={},
author={},
url={},
urldate={}
}
@online{tmp,
title={},
author={},
url={},
urldate={}
}
@online{tmp,
title={},
author={},
url={},
urldate={}
}
@online{tmp,
title={},
author={},
url={},
urldate={}
}
@online{tmp,
title={},
author={},
url={},
urldate={}
}
@online{tmp,
title={},
author={},
url={},
urldate={}
}
@online{tmp,
title={},
author={},
url={},
urldate={}
}
@online{tmp,
title={},
author={},
url={},
urldate={}
}
@online{tmp,
title={},
author={},
url={},
urldate={}
}
@online{tmp,
title={},
author={},
url={},
urldate={}
}
@online{tmp,
title={},
author={},
url={},
urldate={}
}
@online{tmp,
title={},
author={},
url={},
urldate={}
}
@online{tmp,
title={},
author={},
url={},
urldate={}
}
@online{tmp,
title={},
author={},
url={},
urldate={}
}
@online{tmp,
title={},
author={},
url={},
urldate={}
}
@online{tmp,
title={},
author={},
url={},
urldate={}
}
@online{tmp,
title={},
author={},
url={},
urldate={}
}
@online{tmp,
title={},
author={},
url={},
urldate={}
}
@online{tmp,
title={},
author={},
url={},
urldate={}
}
@online{tmp,
title={},
author={},
url={},
urldate={}
}
@online{tmp,
title={},
author={},
url={},
urldate={}
}
@online{tmp,
title={},
author={},
url={},
urldate={}
}
@online{tmp,
title={},
author={},
url={},
urldate={}
}
@online{tmp,
title={},
author={},
url={},
urldate={}
}
@online{accessing-jira-s-h2-embedded-database,
title={},
author={},
url={https://confluence.atlassian.com/jirakb/accessing-jira-s-h2-embedded-database-776818136.html},
urldate={}
}
@online{installing-jira-applications-on-linux,
title={},
author={},
url={https://confluence.atlassian.com/adminjiraserver/installing-jira-applications-on-linux-938846841.html},
urldate={}
}
@online{jira_docu,
title={},
author={},
url={https://confluence.atlassian.com/jira/},
urldate={}
}
@online{compare-atlassian-cloud-vs-server,
title={},
author={},
url={https://confluence.atlassian.com/cloud/compare-atlassian-cloud-vs-server-744721664.html},
urldate={}
}
@online{server_jira+jsd_product-changes,
title={},
author={},
url={https://confluence.atlassian.com/migration/jira-7/server_jira+jsd_product-changes#Server_JIRA+JSD_Productchanges-Uniquefeatures=applicationsforyourteams},
urldate={}
}
@online{marketplace.atlassian,
title={},
author={},
url={https://marketplace.atlassian.com/},
urldate={}
}
@online{how-amazon-became-agile,
title={},
author={},
url={https://www.forbes.com/sites/stevedenning/2019/06/02/how-amazon-became-agile/},
urldate={}
}
@online{sdlc_agile_model,
title={},
author={},
url={https://www.tutorialspoint.com/sdlc/sdlc_agile_model.htm},
urldate={}
}
@online{low_latency,
title={},
author={},
url={https://www.informatica.com/services-and-training/glossary-of-terms/low-latency-definition.html},
urldate={}
}
@online{broadband,
title={},
author={},
url={https://searchnetworking.techtarget.com/definition/broadband},
urldate={}
}
@online{akraino,
title={},
author={},
url={https://wiki.akraino.org/},
urldate={}
}
@online{what-are-the-differences,
title={},
author={},
url={http://www.akeles.com/what-are-the-differences-between-jira-software-jira-service-desk-and-jira-core/},
urldate={}
}
@online{gitlab-listener,
	title={},
	author={},
	url={https://marketplace.atlassian.com/apps/1212989/gitlab-listener?hosting=server&tab=overview},
	urldate={}
}
@online{key-terms-to-know,
	title={},
	author={},
	url={https://www.atlassian.com/software/jira/guides/getting-started/overview#key-terms-to-know},
	urldate={}
}
@online{jira-alternatives,
	title={},
	author={},
	url={https://www.workzone.com/blog/jira-alternatives/},
	urldate={}
}
@online{amazon_principles,
	title={},
	author={},
	url={https://www.amazon.jobs/en/principles},
	urldate={}
}
@online{spotify-engineering-culture,
	title={},
	author={},
	url={https://labs.spotify.com/2014/03/27/spotify-engineering-culture-part-1/},
	urldate={}
}
@online{exploring-key-elements-of-spotifys,
	title={},
	author={},
	url={https://medium.com/@media_75624/exploring-key-elements-of-spotifys-agile-scaling-model-471d2a23d7ea},
	urldate={}
}
@online{epics-stories-themes,
	title={},
	author={},
	url={https://www.atlassian.com/agile/project-management/epics-stories-themes},
	urldate={}
}
@online{theserverside,
	title={},
	author={},
	url={https://www.theserverside.com/discussions/thread/24701.html},
	urldate={}
}
@online{massive-downside-of-agile,
	title={},
	author={},
	url={https://www.inc.com/adam-fridman/the-massive-downside-of-agile-software-development.html},
	urldate={}
}
@online{agileRoles,
	title={},
	author={},
	url={http://www.ambysoft.com/essays/agileRoles.html},
	urldate={}
}
@online{state-of-agile,
	title={},
	author={},
	url={https://explore.versionone.com/state-of-agile},
	urldate={}
}
@online{4-values-of-the-agile-manifesto,
	title={},
	author={},
	url={https://medium.com/hygger-io/4-values-of-the-agile-manifesto-and-12-agile-principles-easily-explained-84cd429f69f},
	urldate={}
}
@online{agile_official,
	title={},
	author={},
	url={https://agilemanifesto.org/},
	urldate={}
}
@online{agilemanifesto,
	title={},
	author={},
	url={https://www.productplan.com/glossary/agile-manifesto/},
	urldate={}
}
@online{agility-beyond-history,
	title={},
	author={},
	url={https://techbeacon.com/app-dev-testing/agility-beyond-history-legacy-agile-development},
	urldate={}
}
@online{iso_53815,
	title={},
	author={},
	url={https://www.iso.org/standard/53815.html},
	urldate={}
}
@online{software_lyfe_cycle,
	title={Software Life Cycle},
	author={},
	url={https://ase.in.tum.de/paid.globalse.org/paid1/courseDocs/Readings/SoftwareLifeCycle030398.pdf},
	urldate={}
}
@online{gitlab,
	title={},
	author={},
	url={https://about.gitlab.com/},
	urldate={}
}
@online{planner,
	title={},
	author={},
	url={https://products.office.com/en-us/business/task-management-software},
	urldate={}
}
@online{sharepoint,
	title={},
	author={},
	url={https://products.office.com/en-us/sharepoint/collaboration},
	urldate={}
}
@online{redmine,
	title={},
	author={},
	url={https://www.redmine.org/},
	urldate={}
}
@online{athonet_presidente,
	title={},
	author={},
	url={http://www.ilgiornale.it/news/interni/genio-torna-svezia-soffrire-nella-sua-italia-912407.html},
	urldate={}
}
@online{athonet_premi,
	title={},
	author={},
	url={https://www.millionaire.it/athonet-la-startup-italiana-che-trionfa-al-mobile-world-congress/#!},
	urldate={}
}
@online{ericsson,
	title={Ericsson},
	author={},
	url={https://www.ericsson.com/en},
	urldate={}
}
@online{athonet,
	title={Athonet official website},
	author={},
	url={https://athonet.com/},
	urldate={}
}
@online{dilbert,
	title={Dilbert official website},
	author={},
	url={https://dilbert.com/},
	urldate={}
}
@online{gianluca_primo,
	title={Gianluca, inventore di reti low cost	ora entra alla corte di Facebook},
	author={},
	url={https://www.ilgazzettino.it/vicenza_bassano/bassano/telecomunicazioni_gianluca_verin_athonet_zuckerberg_facebook_bassano_roma_karim_elmalki-1936961.html},
	urldate={30 Aug 2016}
}